<?xml version="1.0" encoding="UTF-8"?><collection xmlns="http://www.loc.gov/MARC21/slim"><record><leader>00442nam--2200145-i-4500</leader><controlfield tag="001">000002268</controlfield><controlfield tag="002">20161230</controlfield><controlfield tag="005">20161230201024</controlfield><controlfield tag="008">060222s1000------------r-----000-0-eng-d</controlfield><datafield ind1=" " ind2=" " tag="080"><subfield code="a">531:519.62</subfield></datafield><datafield ind1=" " ind2=" " tag="100"><subfield code="a">Greenspan, Donald</subfield></datafield><datafield ind1=" " ind2=" " tag="245"><subfield code="a">Computer-oriented mathematical physics</subfield></datafield><datafield ind1=" " ind2=" " tag="260"><subfield code="a">Oxford, Pergamon Press, 1981. Viii + 170 P</subfield></datafield><datafield ind1=" " ind2=" " tag="490"><subfield code="a">International Series In Nonlinear Mathematics: Theory, Methods And Applications</subfield></datafield><datafield ind1=" " ind2=" " tag="852"><subfield code="a">49245</subfield></datafield></record></collection>